<?xml version="1.0" encoding="UTF-8"?>
<record xmlns="http://www.loc.gov/MARC21/slim">
  <leader>02046nam a2200241Ia 4500</leader>
  <controlfield tag="001">3638009</controlfield>
  <controlfield tag="005">20110217135400.0</controlfield>
  <controlfield tag="008">110216s1863    nyu           000 0 eng  </controlfield>
  <datafield tag="035" ind1=" " ind2=" ">
    <subfield code="a">(OCoLC)702133526</subfield>
  </datafield>
  <datafield tag="035" ind1=" " ind2=" ">
    <subfield code="a">ocn702133526</subfield>
  </datafield>
  <datafield tag="040" ind1=" " ind2=" ">
    <subfield code="a">BRL</subfield>
    <subfield code="c">BRL</subfield>
  </datafield>
  <datafield tag="049" ind1=" " ind2=" ">
    <subfield code="a">BRLL</subfield>
  </datafield>
  <datafield tag="099" ind1=" " ind2=" ">
    <subfield code="a">5574.57 no.12</subfield>
  </datafield>
  <datafield tag="100" ind1="1" ind2=" ">
    <subfield code="a">Lowrey, Grosvenor Porter,</subfield>
    <subfield code="d">1831-1893.</subfield>
  </datafield>
  <datafield tag="245" ind1="1" ind2="4">
    <subfield code="a">The commander-in-chief : a defence upon legal grounds of the proclamation of emancipation :</subfield>
    <subfield code="b">and an answer to ex-Judge Curtis&apos; pamphlet, entitled &quot;Executive power &quot; /</subfield>
    <subfield code="c">By Grosvenor P. Lowrey ...</subfield>
  </datafield>
  <datafield tag="246" ind1="1" ind2=" ">
    <subfield code="a">Pamphlets.Slavery.Legal aspect ;</subfield>
    <subfield code="i">no.12</subfield>
  </datafield>
  <datafield tag="250" ind1=" " ind2=" ">
    <subfield code="a">2d ed., with additional notes.</subfield>
  </datafield>
  <datafield tag="260" ind1=" " ind2=" ">
    <subfield code="a">New York :</subfield>
    <subfield code="b">G. P. Putnam,</subfield>
    <subfield code="c">1863.</subfield>
  </datafield>
  <datafield tag="300" ind1=" " ind2=" ">
    <subfield code="a">v, [7]-34 p. ;</subfield>
    <subfield code="c">19 cm.</subfield>
  </datafield>
  <datafield tag="590" ind1=" " ind2=" ">
    <subfield code="a">Bound volume contains: 1. State of New York, in Supreme Court, Seth W. Benedict, ads. Daniel D. Nash / by Seth Williston Benedict. -- 2. Constitutional argument against american slavery / by Gerrit Smith. -- 3. Views of American Constitutional Law in its bearing upon american slavery / by William Goodell. -- 4. The Fugitive Slave Bill: its history and unconstitutionality... . -- 5. The Fugitive Slave Law and its victims. -- 6. A sketch of the laws relating to slavery... / by George M. Strout. -- 7. The duty of disobedience to the Fugitive Slave Act... / by L. Maria Child. -- 8. Speech of John Hossack convicted of a violation of the Fugitive Slave Law... . -- 9. Rights and duties of the United States relative to slavery under the laws of the war... / by David Lee Child. -- 10. The abolition of slavery: the right of the government under the war power. -- 11. The Law of Slavery in the United States / by Christian Charles Josias Bunsen. -- 12. The commander-in-chief : a defence upon legal grounds of the proclamation of emancipation / by Grosvenor P. Lowrey. -- 13. Illegality of slavery / by Benjamin Shaw.</subfield>
  </datafield>
  <datafield tag="600" ind1="1" ind2="0">
    <subfield code="a">Curtis, Benjamin Robbins,</subfield>
    <subfield code="d">1809-1874.</subfield>
    <subfield code="t">Executive power.</subfield>
  </datafield>
  <datafield tag="610" ind1="1" ind2="0">
    <subfield code="a">United States.</subfield>
    <subfield code="b">President (1861-1865 : Lincoln).</subfield>
    <subfield code="t">Emancipation Proclamation.</subfield>
  </datafield>
  <datafield tag="994" ind1=" " ind2=" ">
    <subfield code="a">C0</subfield>
    <subfield code="b">BRL</subfield>
  </datafield>
</record>
